

@article{anuario2020,
    author = {Alonso Galbán, Patricia and autores, Colectivo},
    year = {2021},
    month = {08},
    pages = {98},
    journal = {Dirección Nacional de Registros Médicos y Estadísticas de Salud},
    title = {Anuario estadístico de Salud 2020},
    publisher = {Ministerio de Salud Pública de Cuba. Dirección Nacional de Registros Médicos y Estadísticas de Salud},
    url = {https://files.sld.cu/bvscuba/files/2021/08/Anuario-Estadistico-Espa%C3%B1ol-2020-Definitivo.pdf},
    urlDate = {2022-10-12}
}

@article{anuario2018,
    author = {Alonso Galbán, Patricia and autores, Colectivo},
    year = {2019},
    month = {04},
    pages = {97},
    journal = {Dirección Nacional de Registros Médicos y Estadísticas de Salud},
    title = {Anuario estadístico de Salud 2018},
    publisher = {Ministerio de Salud Pública de Cuba. Dirección Nacional de Registros Médicos y Estadísticas de Salud},
    url = {https://files.sld.cu/bvscuba/files/2019/04/Anuario-Electr%C3%B3nico-Espa%C3%B1ol-2018-ed-2019-compressed.pdf},
    urlDate = {2022-10-12}
}

@online{diabetesAtlas,
    title = {Diabetes around the world in 2021},
    url = {https://diabetesatlas.org/#:~:text=Diabetes%20around%20the%20world%20in%202021%3A,%2D%20and%20middle%2Dincome%20countries.},
    urlDate = {2022-10-12}
}

@article{berlanga2013heberprot,
  title={Heberprot-P: a novel product for treating advanced diabetic foot ulcer},
  author={Berlanga, Jorge and Fernández, José I and López, Ernesto and López, Pedro A and Río, Amaurys del and Valenzuela, Carmen and Baldomero, Julio and Muzio, Verena and Raíces, Manuel and Silva, Ricardo and others},
  journal={MEDICC review},
  volume={15},
  pages={11--15},
  year={2013},
  publisher={SciELO Public Health}
}

@article{gonzalez2015resultados,
  title={Resultados del Heberprot-P{\textregistered} en pacientes con úlceras de pie diabético},
  author={González Rodríguez, Raidel and Cardentey García, Juan and Casanova Moreno, María de la Caridad},
  journal={Revista Archivo Médico de Camag{\"u}ey},
  volume={19},
  number={6},
  pages={590--598},
  year={2015},
  publisher={1996, Editorial Ciencias Médicas Camag{\"u}ey}
}

@article{martinez2019evolucion,
  title={Evolución de las úlceras de pie diabético con el tratamiento mixto de Heberprot-P{\textregistered} y ozonoterapia},
  author={Martínez, Amirelia Fabelo and Martínez, Alain Figueroa and Pérez, Calixto Valdés and Leonard, Damaris Pérez and López, Adanay Álvarez},
  journal={Revista Cubana de Angiología y Cirugía Vascular},
  volume={20},
  number={1},
  pages={1--15},
  year={2019}
}

@article{alvarez2014beneficios,
  title={Beneficios de la intervención con ozonoterapia en pacientes con pie diabético neuroinfeccioso},
  author={Álvarez Duarte, Héctor and Hernández Carretero, José and Arpajón Pe{\~n}a, Yunier and Gálvez Valcárcel, Jesús Ramón and Reynaldo Concepción, Daniel and Jay Carbonell, Vilma G},
  journal={Revista Cubana de Angiología y Cirugía Vascular},
  volume={15},
  number={1},
  pages={12--21},
  year={2014},
  publisher={2002, Editorial Ciencias Médicas}
}

@article{oien2002measuring,
  title={Measuring the size of ulcers by planimetry: a useful method in the clinical setting},
  author={{\"O}ien, RF and H{\aa}kansson, Anders and Hansen, BU and Bjellerup, M},
  journal={Journal of wound care},
  volume={11},
  number={5},
  pages={165--168},
  year={2002},
  publisher={MA Healthcare London}
}

@article{cabal2019quantitative,
  title={Quantitative Studies of Diabetic Foot Ulcer Evolution Under Treatment by Digital Stereotactic Photography},
  author={Cabal Mirabal, Carlos Alberto and Berlanga Acosta, Jorge and Fernández Montequín, José and Oramas Díaz, Leonardo and González Dalmau, Evelio and Herrera Martínez, Luis and Sauri, José Esteban and Baldomero Hernández, Julio and Savigne Gutiérrez, Wiliam and Valdés, Jorge Luis and others},
  journal={Journal of Diabetes Science and Technology},
  volume={13},
  number={5},
  pages={821--826},
  year={2019},
  publisher={SAGE Publications Sage CA: Los Angeles, CA}
}

@article{kecelj2007measurement,
  title={Measurement of venous leg ulcers with a laser-based three-dimensional method: Comparison to computer planimetry with photography},
  author={Kecelj-Leskovec, Nada and Jezer{\v{s}}ek, Matija and Mo{\v{z}}ina, Janez and Pavlovi{\'c}, Milo{\v{s}} D and Lunder, Toma{\v{z}}},
  journal={Wound repair and regeneration},
  volume={15},
  number={5},
  pages={767--771},
  year={2007},
  publisher={Wiley Online Library}
}

@article{langemo2008measuring,
  title={Measuring wound length, width, and area: which technique?},
  author={Langemo, Diane and Anderson, Julie and Hanson, Darlene and Hunter, Susan and Thompson, Patricia},
  journal={Advances in skin \& wound care},
  volume={21},
  number={1},
  pages={42--45},
  year={2008},
  publisher={LWW}
}


@article{pena2016segmentacion,
  title={Segmentaci{\'o}n de im{\'a}genes fotogr{\'a}ficas del pie diab{\'e}tico utilizando transformaciones de espacios de color [tesis]},
  author={Pe{\~n}a Acosta, MM},
  journal={La Habana: Instituto Superior Polit{\'e}cnico Jos{\'e} Antonio Echevarr{\'\i}a (CUJAE), Facultad de Ingenier{\'\i}a Biom{\'e}dica},
  year={2016}
}


@article{garcia2019mejoramiento,
  title={Mejoramiento de contraste y segmentaci{\'o}n en im{\'a}genes de {\'u}lceras del pie diab{\'e}tico},
  author={Garc{\'\i}a G{\'o}mez, Gretel and Vald{\'e}s Santiago, Damian and Baguer D{\'\i}az-Roma{\~n}ach, Marta Lourdes and Savigne Guti{\'e}rrez, William Orlando and Aldama Figueroa, Alfredo and Vald{\'e}s P{\'e}rez, Calixto and Mart{\'\i}nez Hern{\'a}ndez, Abran Alberto and Fern{\'a}ndez Montequ{\'\i}n, Jos{\'e} Ignacio},
  journal={Revista Cubana de Angiolog{\'\i}a y Cirug{\'\i}a Vascular},
  volume={20},
  number={3},
  year={2019},
  publisher={2002, Editorial Ciencias M{\'e}dicas}
}

@article{heras2022diabetic,
  title={Diabetic foot ulcer segmentation using logistic regression, DBSCAN clustering and mathematical morphology operators},
  author={Heras-Tang, Armando and Valdes-Santiago, Damian and Le{\'o}n-Mec{\'\i}as, {\'A}ngela Mireya and D{\'\i}az-Roma{\~n}ach, Marta Lourdes Baguer and Mesejo-Chiong, Jos{\'e} Alejandro and Cabal-Mirabal, Carlos},
  journal={ELCVIA Electronic Letters on Computer Vision and Image Analysis},
  volume={21},
  number={2},
  pages={22--39},
  year={2022}
}

@article{ching2022segm3d,
  author          = {Arlenis Ching Suárez},
  journal         = {Tesis de Licenciatura},
  title           = {Modelación y Segmetación 3D de Úlceras del Pie Diabético a partir de una secuencia de imágenes RGB-D},
  year            = {2020},
  publisher = {Universidad de La Habana}
}

@article{malian2004medphos,
  title={Medphos: A new photogrammetric system for medical measurement},
  author={Malian, A and Azizi, A and Van Den Heuvel, FA},
  journal={International Archives of the Photogrammetry, Remote Sensing and Spatial Information Sciences},
  volume={35},
  number={B5},
  pages={311--316},
  year={2004}
}

@article{plassmann1998mavis,
  title={MAVIS: a non-invasive instrument to measure area and volume of wounds},
  author={Plassmann, P and Jones, TD},
  journal={Medical engineering \& physics},
  volume={20},
  number={5},
  pages={332--338},
  year={1998},
  publisher={Elsevier}
}

@article{filko2018wound,
  title={Wound measurement by RGB-D camera},
  author={Filko, Damir and Cupec, Robert and Nyarko, Emmanuel Karlo},
  journal={Machine Vision and Applications},
  volume={29},
  number={4},
  pages={633--654},
  year={2018},
  publisher={Springer}
}

@article{zenteno2018volumetric,
  title={Volumetric monitoring of cutaneous leishmaniasis ulcers: can camera be as accurate as laser scanner?},
  author={Zenteno, Omar and Gonz{\'a}lez, Eduardo and Treuillet, Sylvie and Valencia, Braulio M and Castaneda, Benjamin and Llanos-Cuentas, Alejandro and Lucas, Yves},
  journal={Computer Methods in Biomechanics and Biomedical Engineering: Imaging \& Visualization},
  year={2018},
  publisher={Taylor \& Francis}
}

@inproceedings{callieri2003derma,
  title={Derma: Monitoring the Evolution of Skin Lesions with a 3D System.},
  author={Callieri, Marco and Cignoni, Paolo and Pingi, Paolo and Scopigno, Roberto and Coluccia, Michele and Gaggio, Giovanni and Romanelli, Maria Novella},
  booktitle={VMV},
  pages={167--174},
  year={2003}
}

@article{krouskop2002noncontact,
  title={A noncontact wound measurement system},
  author={Krouskop, Thomas A and Baker, Robert and Wilson, Michael S},
  journal={Journal of Rehabilitation Research and Development},
  volume={39},
  number={3},
  pages={337--346},
  year={2002},
  publisher={REHIBILITATION RESEARCH \& DEVELOPMENT SERVICE}
}

@inproceedings{ozturk1996new,
  title={A new structured light method for 3-D wound measurement},
  author={Ozturk, Cengizhan and Dubin, S and Schafer, Mark E and Shi, Wen-Yao and Chou, Min-Chih},
  booktitle={Proceedings of the IEEE 22nd Annual Northeast Bioengineering Conference},
  pages={70--71},
  year={1996},
  organization={IEEE}
}

@article{foltynski2014new,
  title={A new smartphone-based method for wound area measurement},
  author={Foltynski, Piotr and Ladyzynski, Piotr and Wojcicki, Jan M},
  journal={Artificial organs},
  volume={38},
  number={4},
  pages={346--352},
  year={2014},
  publisher={Wiley Online Library}
}

@article{wang2014smartphone,
  title={Smartphone-based wound assessment system for patients with diabetes},
  author={Wang, Lei and Pedersen, Peder C and Strong, Diane M and Tulu, Bengisu and Agu, Emmanuel and Ignotz, Ronald},
  journal={IEEE Transactions on Biomedical Engineering},
  volume={62},
  number={2},
  pages={477--488},
  year={2014},
  publisher={IEEE}
}

@book{roca,
  author         = {Roca Goderich, Reinald and Colectivo de autores},
  editor         = {4ta edición},
  publisher      = {Editorial de Ciencias Médicas},
  title          = {Temas de Medicina Interna. Tomo III},
  year           = {2022}
}